@book{chakravarthy2009stream,
 author = {Chakravarthy, Sharma},
 title = {Stream data processing : a quality of service perspective : modeling, scheduling, load shedding, and complex event processing},
 publisher = {Springer},
 year = {2009},
 address = {New York},
 isbn = {9780387710020}
}

@article{Hirzel_2014,
 author = {Hirzel, Martin and Soul{\'{e}}, Robert and Schneider, Scott and Gedik, Bu{\u{g}}ra and Grimm, Robert},
 title = {A catalog of stream processing optimizations},
 journal = {{ACM} Computing Surveys},
 publisher = {Association for Computing Machinery ({ACM})},
 year = {2014},
 month = {mar},
 number = {4},
 volume = {46},
 pages = {1--34},
 url = {https://doi.org/10.1145%2F2528412},
 doi = {10.1145/2528412}
}

@article{kamburugamuve2013survey,
 author = {Kamburugamuve, Supun and Fox, Geoffrey and Leake, David and Qiu, Judy},
 title = {Survey of distributed stream processing for large stream sources},
 journal = {Grids Ucs Indiana Edu},
 year = {2013},
 volume = {2},
 pages = {1--16}
}

@inproceedings{KottoKombi2015ParallelAD,
 author = {Kotto-Kombi, Roland and Lumineau, Nicolas and Lamarre, Philippe and Caniou, Yves},
 title = {Parallel and Distributed Stream Processing: Systems Classification and Specific Issues},
 year = {2015}
}

@article{laney20013d,
 author = {Laney, Doug},
 title = {3D data management: Controlling data volume, velocity and variety},
 journal = {META group research note},
 year = {2001},
 number = {70},
 volume = {6},
 pages = {1}
}

@article{R_ger_2019,
 author = {RÃ¶ger, Henriette and Mayer, Ruben},
 title = {A Comprehensive Survey on Parallelization and Elasticity in Stream Processing},
 journal = {{ACM} Computing Surveys},
 publisher = {Association for Computing Machinery ({ACM})},
 year = {2019},
 month = {apr},
 number = {2},
 volume = {52},
 pages = {1--37},
 url = {https://doi.org/10.1145%2F3303849},
 doi = {10.1145/3303849}
}

@inproceedings{Schneider_2013,
 author = {Schneider, Scott and Hirzel, Martin and Gedik, Bu{\u{g}}ra},
 title = {Tutorial},
 publisher = {{ACM} Press},
 year = {2013},
 url = {https://doi.org/10.1145%2F2488222.2488268},
 doi = {10.1145/2488222.2488268},
 booktitle = {Proceedings of the 7th {ACM} international conference on Distributed event-based systems - {DEBS} {\textquotesingle}13}
}


